
@inproceedings{raab1998balls,
  title = {``Balls into Bins'' - A Simple and Tight Analysis},
  author = {Raab, Martin and Steger, Angelika},
  booktitle = {Proceedings of the Second International Workshop on Randomization and Approximation Techniques in Computer Science},
  series = {RANDOM 1998},
  year = {1998},
  isbn = {3-540-65142-X},
  pages = {159--170},
  publisher = {Springer-Verlag},
} 

@article{lichtendahl2007probability,
  title = {Probability Elicitation, Scoring Rules, and Competition Among Forecasters},
  author = {Lichtendahl, Jr., Kenneth C. and Robert L. Winkler},
  year = {2007},
  journal = {Management Science},
  volume = {53},
  number = {11},
  pages = {1745---1755},
}

@inproceedings{witkowski2018incentive,
  title = {Incentive-Compatible Forecasting Competitions},
  author = {Jens Witkowski and Rupert Freeman and Jennifer Wortman Vaughan and David M. Pennock and Andreas Krause},
  booktitle = {Proceedings of the 32nd AAAI Conference on Artificial Intelligence},
  series = {AAAI 2018},
  year = {2018},
}
